<record><leader>00000cas a22000007a 4500</leader><controlfield tag="001">20154101</controlfield><controlfield tag="008">890810d18781879pr wr ne      0    0spa d</controlfield><datafield ind1=" " ind2=" " tag="010"><subfield code="a">sn 89078049 </subfield></datafield><datafield ind1=" " ind2=" " tag="040"><subfield code="a">PNN</subfield><subfield code="b">eng</subfield><subfield code="c">PNN</subfield><subfield code="d">OCLCQ</subfield></datafield><datafield ind1=" " ind2=" " tag="042"><subfield code="a">msc</subfield></datafield><datafield ind1="0" ind2="0" tag="245"><subfield code="a">Eco de las lomas.</subfield></datafield><datafield ind1=" " ind2=" " tag="260"><subfield code="a">San Germa&#769;n, P.R. :</subfield><subfield code="b">Tip. de "El Eco de las Lomas"</subfield></datafield><datafield ind1=" " ind2=" " tag="300"><subfield code="a">v.</subfield></datafield><datafield ind1=" " ind2=" " tag="310"><subfield code="a">Weekly</subfield></datafield><datafield ind1="1" ind2=" " tag="362"><subfield code="a">Began with May 31, 1878 issue; ceased in July, 1879.</subfield></datafield><datafield ind1=" " ind2=" " tag="500"><subfield code="a">&quot;Poli&#769;tica, literatura, comercio, anuncios y noticias.&quot;</subfield></datafield><datafield ind1=" " ind2=" " tag="588"><subfield code="a">Description based on: An&#771;o 1, nu&#769;m. 2 (13 de jul. de 1878).</subfield></datafield><datafield ind1=" " ind2=" " tag="752"><subfield code="a">United States</subfield><subfield code="b">Puerto Rico</subfield><subfield code="d">San Germa&#769;n.</subfield></datafield></record>